@article{az_savings,
author = {Ludovic Subran \& Maxime Darmet \& Pierre Rouillard},
journal = {Allianz Research},
%number = {},
pages = {6--10},
title = {{Falling off a savings cliff?}},
year = {February 2023},
%volume = {21},
}

@article{az_labour,
author = {Maxime Darmet \& Roberta Fortes \& Andreas Jobst \& Maddalena Martini \& Patricia Pelayo Romero \& Pierre Rouillard},
journal = {Allianz Research},
%number = {},
pages = {14--16},
title = {{No quick wins: more jobs but little productivity in the Eurozone}},
year = {May 2023},
%volume = {21},
}

@article{az_trade,
author = {Ludovic Subran \& Françoise Huang},
journal = {Allianz Research},
%number = {},
pages = {7--12},
title = {{The silver lining amid muted global trade: normalizing supply chains}},
year = {February 2023},
%volume = {21},
}

@article{az_margins,
author = {Ludovic Subran \& Ana Boata},
journal = {Allianz Research},
%number = {},
pages = {9--13},
title = {{Past the peak? Corporate profit margins might be on the way down again soon }},
year = {June 2023},
%volume = {21},
}

@article{savingsfed,
author = {Aditya Aladangady \& David Cho \& Laura Feiveson \& Eugenio Pinto},
journal = {FEDS Notes},
%number = {2},
%pages = {205--218},
title = {{Excess Savings during the COVID-19 Pandemic.}},
year = {October 2022},
%volume = {21},
}

@article{labour0,
author = {Phillips, A. W. H.},
journal = {Economica},
number = {n.s., 25, no. 2},
pages = {283--299},
title = {{The Relation Between Unemployment and the Rate of Change of Money Wage Rates in the United Kingdom, 1861–1957.}},
year = {1958},
%volume = {21},
}

@article{labour1,
author = {Benny Hartwig \& Christiane Nickel \& Elena Bobeica},
journal = {Centre for Economic Policy Research - VOXEU column},
%number = {2},
%pages = {205--218},
title = {{The euro area Phillips curve: Damaged but not dead.}},
year = {August 2021},
%volume = {21},
}

@article{labour2,
author = {Malhar Nabar \& Gee Hee Hong \& Zsóka Kóczán \& Weicheng Lian},
journal = {World Economic Outlook: seeking sustainable growth - short-term recovery, long-term challenges},
%number = {2},
pages = {73--115},
title = {{Recent wage dynamics in advanced economies: drivers and implications.}},
year = {October 2017},
%volume = {21},
}

@article{labour3,
author = {Jordi Galí},
journal = {National Bureau of Economic Research},
number = {NBER Working Paper No. 15758},
%pages = {73--115},
title = {{The Return of the Wage Phillips Curve.}},
year = {February 2010},
%volume = {21},
}

@article{labour4,
author = {Lawrence H. Summers \& Alex Domash},
journal = {Centre for Economic Policy Research - VOXEU column},
%number = {},
%pages = {73--115},
title = {{How tight are US labour markets?}},
year = {March 2022},
%volume = {21},
}

@article{labour5,
author = {Emmanuel Saez \& Pascal Michaillat},
journal = {Centre for Economic Policy Research - VOXEU column},
%number = {},
%pages = {73--115},
title = {{Figuring out efficient unemployment.}},
year = {April 2022},
%volume = {21},
}

@article{labour6,
author = {Jason Furman \& Wilson Powell III},
journal = {Peterson Institure for International Economics},
%number = {},
%pages = {73--115},
title = {{What is the best measure of labor market tightness?}},
year = {November 2021},
%volume = {21},
}


@article{labour7,
author = {Katalin Bodnár \& Eduardo Gonçalves \& Lucyna Górnicka \& Gerrit Koester},
journal = {ECB Economic Bulletin},
number = {Issue 8/2022},
%pages = {73--115},
title = {{Wage developments and their determinants since the start of the pandemic.}},
year = {January 2023},
%volume = {21},
}


@article{labour8,
author = {Alex Domash \& Lawrence H. Summers},
journal = {Centre for Economic Policy Research - VOXEU column},
%number = {},
%pages = {73--115},
title = {{Can the Phillips curve explain recent wage growth?}},
year = {February 2023},
%volume = {21},
}

@article{labour9,
author = {Òscar Jordà \& Celeste Liu \& Fernanda Nechio \& Fabián Rivera-Reyes},
journal = {Federal Reserve Bank of San Fransisco},
%number = {},
%pages = {73--115},
title = {{Wage Growth When Inflation Is High.}},
year = {September 2022},
%volume = {21},
}

@online{az_debt,
	title        = {Un endettement sans fin est-il raisonnable ?},
	organization = {Aylin Somersan Coqui Allianz Trade CEO at Les Rencontres Economiques Aix-En-Provence},
	date         = {2023},
	urldate      = {2023-07-08},
	url          = {https://www.lesrencontreseconomiques.fr/evenements/session-20-un-endettement-sans-fin-est-il-raisonnable/#resume},
}